<?xml version="1.0" encoding="UTF-8"?><collection xmlns="http://www.loc.gov/MARC21/slim"><record><leader>00716nam--2200193-i-4500</leader><controlfield tag="001">000000039</controlfield><controlfield tag="002">20161230</controlfield><controlfield tag="005">20161230201023</controlfield><controlfield tag="008">060222s1000------------r-----000-0-eng-d</controlfield><datafield ind1=" " ind2=" " tag="040"><subfield code="a">IFIN-HH</subfield></datafield><datafield ind1=" " ind2=" " tag="080"><subfield code="a">539.175.3:621.039.6</subfield></datafield><datafield ind1="1" ind2=" " tag="110"><subfield code="a">Commision of the European Cummunities. Joint Research Centre. Ispra Establishment</subfield></datafield><datafield ind1="1" ind2="0" tag="245"><subfield code="a">Fusion technology 1984</subfield><subfield code="b">Proccedings of the Thirteenth Symposium Conference Centre of Villa Ponti Varese - Italy, 24-28 September 1984. Published for the Commision of the European Communities</subfield></datafield><datafield ind1=" " ind2=" " tag="260"><subfield code="a">Oxford, Pergamon Press, 1984</subfield></datafield><datafield ind1=" " ind2=" " tag="300"><subfield code="a">2 volume</subfield></datafield><datafield ind1=" " ind2=" " tag="490"><subfield code="a">Proceedings</subfield></datafield><datafield ind1="1" ind2=" " tag="787"><subfield code="a">Vol. 2</subfield><subfield code="h">/801p./1704p</subfield></datafield><datafield ind1=" " ind2=" " tag="852"><subfield code="a">73940</subfield><subfield code="c">533.9</subfield></datafield><datafield ind1=" " ind2=" " tag="CAT"><subfield code="a">Sys</subfield><subfield code="c">20101001</subfield><subfield code="h">174802</subfield></datafield></record></collection>